<record><leader>00000cas a22000007a 4500</leader><controlfield tag="001">36815462</controlfield><controlfield tag="008">970428d18941898okuwr n       0    0eng d</controlfield><datafield ind1=" " ind2=" " tag="010"><subfield code="a">sn 97064842 </subfield></datafield><datafield ind1=" " ind2=" " tag="040"><subfield code="a">OBN</subfield><subfield code="b">eng</subfield><subfield code="c">OBN</subfield><subfield code="d">OCLCQ</subfield><subfield code="d">OCLCO</subfield></datafield><datafield ind1="1" ind2=" " tag="029"><subfield code="a">AU@</subfield><subfield code="b">000013251013</subfield></datafield><datafield ind1=" " ind2=" " tag="042"><subfield code="a">msc</subfield></datafield><datafield ind1="0" ind2="0" tag="245"><subfield code="a">Kildare journal.</subfield></datafield><datafield ind1="3" ind2=" " tag="246"><subfield code="a">Journal</subfield></datafield><datafield ind1=" " ind2=" " tag="260"><subfield code="a">Kildare, County "K," Okla. Ty. [Okla.] :</subfield><subfield code="b">Miller Bros. &amp; Hayden</subfield></datafield><datafield ind1=" " ind2=" " tag="300"><subfield code="a">v.</subfield></datafield><datafield ind1=" " ind2=" " tag="310"><subfield code="a">Weekly</subfield></datafield><datafield ind1="0" ind2=" " tag="362"><subfield code="a">Vol. 1, no. 1 (Mar. 9, 1894)-v. 5, no. 45 (Dec. 31, 1898).</subfield></datafield><datafield ind1=" " ind2=" " tag="580"><subfield code="a">Merged with: Newkirk and Kay County republican, and: Newkirk News, to form: Republican news journal.</subfield></datafield><datafield ind1=" " ind2="0" tag="651"><subfield code="a">Kildare (Okla.)</subfield><subfield code="v">Newspapers.</subfield></datafield><datafield ind1=" " ind2="0" tag="651"><subfield code="a">Kay County (Okla.)</subfield><subfield code="v">Newspapers.</subfield></datafield><datafield ind1=" " ind2="0" tag="651"><subfield code="a">Oklahoma Territory (Okla.)</subfield><subfield code="v">Newspapers.</subfield></datafield><datafield ind1=" " ind2=" " tag="752"><subfield code="a">United States</subfield><subfield code="b">Oklahoma</subfield><subfield code="c">Kay</subfield><subfield code="d">Kildare.</subfield></datafield><datafield ind1="0" ind2="7" tag="785"><subfield code="t">Newkirk and Kay County republican</subfield><subfield code="w">(DLC)sn 86064111</subfield><subfield code="w">(OCoLC)13763843</subfield></datafield><datafield ind1="0" ind2="7" tag="785"><subfield code="t">Newkirk news</subfield></datafield><datafield ind1="0" ind2="7" tag="785"><subfield code="t">Republican news journal</subfield><subfield code="w">(DLC)sn 86064112</subfield><subfield code="w">(OCoLC)13763827</subfield></datafield></record>